# Format reference: https://www.bibtex.com/g/bibtex-format/#:~:text=What%20is%20BibTeX%3F,bib

@unpublished{datatilstander,
  author = {Standardutvalget},
  title = {Datatilstander i  SSB},
  year = {2023},
  issue_date = {6 October 2023},
  publisher = {Statistisk sentralbyrå},
  url = https://ssbno.sharepoint.com/sites/Internedokumenter/Delte%20dokumenter/Forms/AllItems.aspx?id=%2Fsites%2FInternedokumenter%2FDelte%20dokumenter%2FInterne%20dokumenter%202023%2F2023%2D14%20Datatilstander%20i%20SSB%2Epdf&parent=%2Fsites%2FInternedokumenter%2FDelte%20dokumenter%2FInterne%20dokumenter%202023},
  numpages = {15}
}

@unpublished{tilgangsstyring,
  author = {Direktørmøtet},
  title = {Klassifisering og tilgangsstyring på DAPLA},
  year = {2022},
  issue_date = {12 September 2022},
  publisher = {Statistisk sentralbyrå},
  url = {https://ssbno.sharepoint.com/:w:/r/sites/Statistikktjenester/Shared%20Documents/General/2022-37_Vedlegg_Klassifisering%20og%20tilgangsstyring_220912%20(002).docx?d=w7f261943752f4705b640d77071edde4d&csf=1&web=1&e=drd8On},
  numpages = {7}
}
